@inproceedings{cite1,
author = {Pöhlmann, S.T.L. and Harkness, E.F. and  Taylor, C.J. et al.},
year = {2016},
title = {Evaluation of Kinect 3D Sensor for Healthcare Imaging},
booktitle = {J. Med. Biol. Eng., 36},
pages = {857}
}

@inproceedings{cite2,
author = {J. Guralnik and E. Simonsick, L. and  Ferrucci, R. Glynn, L. and Berkman, D. Blazer and P. Scherr and R. Wallace},
year = {1994},
title = {A short physical performance battery assessing lower extremity function: Association with self-reported disability and prediction of mortality and nursing home admission},
booktitle = {Gerontology, 49(2)},
pages = {85 – 93}
}

@inproceedings{cite3,
author = {G. Alankus and A. Lazar and M. May and C. Kellecher},
year = {2010},
title = { Towards customizable games for stroke rehabilitation},
booktitle = {SIGCHI Conference on Human Factors in Computing Systems},
pages = {2113 – 2122}
}

@inproceedings{cite4,
author = {D. M. Brennan and S. Mawson and S. Brownsell},
year = {2009},
title = {Tele-rehabilitation: enabling the remote delivery of healthcare, rehabilitation and self management},
booktitle = {Advanced Technologies in Rehabilitation volume 145}
}

@inproceedings{cite5,
author = {Paula Rego and Pedro Miguel Moreira and Luis Paulo Reis},
year = {2010},
title = {Serious games for rehabilitation: A survey and a classification towards a taxonomy},
booktitle = {5th Iberian Conference Information Systems and Technologies (CISTI)},
pages = {1 – 6}
}

@inproceedings{cite6,
author = {D. Leightley},
year = {2015},
title = {3D Human Action Recognition and Motion Analysis using Selective Representations},
booktitle = {Faculty of Science and Engineering, School of Computing, Mathematics and Digital Technology, Manchester Metropolitan University.}
}

@inproceedings{cite7,
author = {D. Leightley and M. H. Yap and J. Coulson and Y. Barnouin and J. S. McPhee},
year = {2015},
title = {Benchmarking human motion analysis using kinect one: An open source dataset},
booktitle = {Asia-Pacific Signal and Information Processing Association Annual Summit and Conference (APSIPA)},
pages = {1-7}
}

@inproceedings{cite8,
author = {Katherine T Ward, MD and David B Reuben, MD},
year = {2016},
title = {Comprehensive geriatric assessment},
booktitle = {UpToDate, Inc.}
